<?xml version="1.0" encoding="UTF-8"?><collection xmlns="http://www.loc.gov/MARC21/slim"><record><leader>00494nam--2200133-i-4500</leader><controlfield tag="001">000019507</controlfield><controlfield tag="002">20161230</controlfield><controlfield tag="005">20161230201033</controlfield><controlfield tag="008">060222s1000------------r-----000-0-eng-d</controlfield><datafield ind1=" " ind2=" " tag="080"><subfield code="a">621.384.66(043)</subfield></datafield><datafield ind1=" " ind2=" " tag="100"><subfield code="a">Delahaye, Jean-pierre</subfield></datafield><datafield ind1=" " ind2=" " tag="245"><subfield code="a">Etude et ralisation d`un emittacemetre adapte a une source d`ions a decharge haute frequence mesure des caracteristiques du faisceau extrait.these</subfield></datafield><datafield ind1=" " ind2=" " tag="260"><subfield code="a">Grenoble, Faculte Dse Sciences De L`Universite De Grenoble, 1971.   196 P</subfield></datafield><datafield ind1=" " ind2=" " tag="852"><subfield code="a">40309</subfield></datafield></record></collection>